@inproceedings{schafer2012building,
  title={Building Large Corpora from the Web Using a New Efficient Tool Chain.},
  author={Sch{\"a}fer, Roland and Bildhauer, Felix},
  booktitle={LREC},
  pages={486--493},
  year={2012}
}

@article{mikolov2013efficient,
  title={Efficient estimation of word representations in vector space},
  author={Mikolov, Tomas and Chen, Kai and Corrado, Greg and Dean, Jeffrey},
  journal={arXiv preprint arXiv:1301.3781},
  year={2013}
}

@article{levy2015improving,
  title={Improving distributional similarity with lessons learned from word embeddings},
  author={Levy, Omer and Goldberg, Yoav and Dagan, Ido},
  journal={Transactions of the Association for Computational Linguistics},
  volume={3},
  pages={211--225},
  year={2015}
}

@inproceedings{levy2014dependency,
  title={Dependency-Based Word Embeddings.},
  author={Levy, Omer and Goldberg, Yoav},
  booktitle={ACL (2)},
  pages={302--308},
  year={2014}
}

@inproceedings{lin2015learning,
  title={Learning Entity and Relation Embeddings for Knowledge Graph Completion.},
  author={Lin, Yankai and Liu, Zhiyuan and Sun, Maosong and Liu, Yang and Zhu, Xuan},
  booktitle={AAAI},
  pages={2181--2187},
  year={2015}
}

@inproceedings{bordes2013translating,
  title={Translating embeddings for modeling multi-relational data},
  author={Bordes, Antoine and Usunier, Nicolas and Garcia-Duran, Alberto and Weston, Jason and Yakhnenko, Oksana},
  booktitle={Advances in Neural Information Processing Systems},
  pages={2787--2795},
  year={2013}
}

@article{rong2014word2vec,
  title={word2vec parameter learning explained},
  author={Rong, Xin},
  journal={arXiv preprint arXiv:1411.2738},
  year={2014}
}

@inproceedings{bordes2011learning,
  title={Learning structured embeddings of knowledge bases},
  author={Bordes, Antoine and Weston, Jason and Collobert, Ronan and Bengio, Yoshua},
  booktitle={Conference on Artificial Intelligence},
  number={EPFL-CONF-192344},
  year={2011}
}

@article{Goldberg15c,
  author    = {Yoav Goldberg},
  title     = {A Primer on Neural Network Models for Natural Language Processing},
  journal   = {CoRR},
  volume    = {abs/1510.00726},
  year      = {2015},
  url       = {http://arxiv.org/abs/1510.00726},
  timestamp = {Sun, 01 Nov 2015 17:30:45 +0100},
  biburl    = {http://dblp.uni-trier.de/rec/bib/journals/corr/Goldberg15c},
  bibsource = {dblp computer science bibliography, http://dblp.org}
}
